<record><leader>00000cas a2200000 a 4500</leader><controlfield tag="001">34773528</controlfield><controlfield tag="008">960522d19731974miuwr ne      0    0eng c</controlfield><datafield ind1=" " ind2=" " tag="010"><subfield code="a">sn 96076644 </subfield></datafield><datafield ind1=" " ind2=" " tag="040"><subfield code="a">MHN</subfield><subfield code="b">eng</subfield><subfield code="c">MHN</subfield><subfield code="d">OCL</subfield><subfield code="d">OCLCQ</subfield><subfield code="d">OCLCF</subfield><subfield code="d">OCLCO</subfield></datafield><datafield ind1="1" ind2=" " tag="029"><subfield code="a">AU@</subfield><subfield code="b">000012500925</subfield></datafield><datafield ind1=" " ind2=" " tag="042"><subfield code="a">pcc</subfield></datafield><datafield ind1=" " ind2=" " tag="043"><subfield code="a">n-us-mi</subfield></datafield><datafield ind1="0" ind2="4" tag="245"><subfield code="a">The Banner and Flat River emporium.</subfield></datafield><datafield ind1="1" ind2="7" tag="246"><subfield code="a">Belding banner</subfield></datafield><datafield ind1="3" ind2=" " tag="246"><subfield code="a">Banner</subfield></datafield><datafield ind1=" " ind2=" " tag="260"><subfield code="a">Belding, Mich. :</subfield><subfield code="b">Belding Newspapers</subfield></datafield><datafield ind1=" " ind2=" " tag="300"><subfield code="a">v.</subfield></datafield><datafield ind1=" " ind2=" " tag="310"><subfield code="a">Weekly</subfield></datafield><datafield ind1="1" ind2=" " tag="362"><subfield code="a">Began June 7, 1973.</subfield></datafield><datafield ind1="0" ind2=" " tag="362"><subfield code="a">-v. 2, no. 2 (June 12, 1974).</subfield></datafield><datafield ind1=" " ind2=" " tag="515"><subfield code="a">Volume numbering began: Vol. 1, no. 3 (June 21, 1973).</subfield></datafield><datafield ind1=" " ind2=" " tag="580"><subfield code="a">Merged with: Daily news (Greenville, Mich. : 1949), to form: Daily news and Belding banner.</subfield></datafield><datafield ind1=" " ind2=" " tag="588"><subfield code="a">Description based on: June 14, 1973.</subfield></datafield><datafield ind1=" " ind2="0" tag="651"><subfield code="a">Belding (Mich.)</subfield><subfield code="v">Newspapers.</subfield></datafield><datafield ind1=" " ind2="0" tag="651"><subfield code="a">Ionia County (Mich.)</subfield><subfield code="v">Newspapers.</subfield></datafield><datafield ind1=" " ind2="7" tag="655"><subfield code="a">Newspapers.</subfield><subfield code="2">fast</subfield><subfield code="0">(OCoLC)fst01423814</subfield></datafield><datafield ind1=" " ind2="7" tag="651"><subfield code="a">Michigan</subfield><subfield code="z">Belding.</subfield><subfield code="2">fast</subfield><subfield code="0">(OCoLC)fst01219727</subfield></datafield><datafield ind1=" " ind2="7" tag="651"><subfield code="a">Michigan</subfield><subfield code="z">Ionia County.</subfield><subfield code="2">fast</subfield><subfield code="0">(OCoLC)fst01214778</subfield></datafield><datafield ind1=" " ind2=" " tag="752"><subfield code="a">United States</subfield><subfield code="b">Michigan</subfield><subfield code="c">Ionia</subfield><subfield code="d">Belding.</subfield></datafield><datafield ind1="1" ind2="7" tag="785"><subfield code="t">Daily news (Greenville, Mich. : 1949)</subfield><subfield code="w">(DLC)sn 88002798</subfield><subfield code="w">(OCoLC)18176486</subfield></datafield><datafield ind1="1" ind2="7" tag="785"><subfield code="t">Daily news and Belding Banner</subfield><subfield code="w">(DLC)sn 96076645</subfield><subfield code="w">(OCoLC)34773460</subfield></datafield></record>